@string{iscas = "Proceedings of the International Symposium on Circuits and Systems"}
@string{iccd = "Proceedings of the International Conference on Computer Design"}
@string{itc = "Proceedings of the International Test Conference"}
@string{iccad = "Proceedings of the International Conference on Computer-Aided Design"}
@string{vlsi = "Proceedings of IFIP International Conference on Very Large Scale Integration"}
@string{cicc = "Proceedings of the Custom Integrated Circuits Conference"}
@string{ftcs = "Proceedings of the Fault-Tolerant Computing Symposium"}
@string{ieeecad = "IEEE Transactions on Computer-Aided Design"}
@string{ieeetoc = "IEEE Transactions on Computers"}
@string{ieeetec = "IEEE Transactions on Electronic Computers"}
@string{ieeejssc = "IEEE Jour.\ Solid State Circ."}
@string{ibmjrd  =  "IBM Journal of Research and Development"}
@string{ieeeproc = "Proceedings of the IEEE"}
@string{dac = "Proceedings of the Design Automation Conference"}
@string{iwls = "International Workshop on Logic Synthesis"}
@string{ihlsw = "International High-Level Synthesis Workshop"}
@string{hicss = "Hawaii International Conference on System Sciences"}
@string{hpcrc = "Hewlett-Packard Computer Research Center"}
@string{erl = "UC Berkeley Electronics Research Laboratory"}
@string{iretec = "IRE Transactions on Electronic Computers"}
@string{edac = "Proceedings of the European Conference on Design Automation"}
@string{eurodac = "Proceedings of the European Design Automation Conference"}
@string{bstj = "Bell System Technical Journal"}
@string{jacm = "Journal of the Association for Computing Machinery"}
@string{jetta = "Journal of Electronic Testing: Theory and Aplications"}
@string{focs = "Symposium on Foundations of Computer Science"}
@string{isscc = "Proceedings of the International Solid State Circuits Conference"}

@inproceedings{Huang:MCR,
	author = {Huang, Jeff},
	booktitle = {PLDI},
	pages = {165--174},
	series = {PLDI '15},
	title = {{Stateless Model Checking Concurrent Programs with Maximal Causality Reduction}},
	year = {2015},
}

@article{Godefroid:VeriSoft,
 	author = {Godefroid, Patrice},
 	title = {Software Model Checking: The VeriSoft Approach},
 	journal = {Form. Methods Syst. Des.},
  	volume = {26},
 	number = {2},
 	month = mar,
 	year = {2005},
 	pages = {77--101},
 	numpages = {25},
} 

@article{Clarke:POR,
	author = {Clarke, E M and Grumberg, O and Minea, M and Peled, D},
	journal = {International Journal on Software Tools for Technology Transfer},
	number = {3},
	pages = {279--287},
	title = {{State space reduction using partial order techniques}},
	volume = {2},
	year = {1999},
}

@inproceedings{Flanagan:POR,
 	author = {Flanagan, Cormac and Godefroid, Patrice},
 	title = {Dynamic Partial-order Reduction for Model Checking Software},
 	booktitle = {Proceedings of the 32Nd ACM SIGPLAN-SIGACT Symposium on Principles of Programming Languages},
 	series = {POPL '05},
 	year = {2005},
	pages = {110--121},
 	numpages = {12},
}

@inproceedings{Musuvathi:ICB1,
	author = {Musuvathi, Madanlal and Qadeer, Shaz},
 	title = {Iterative Context Bounding for Systematic Testing of Multithreaded Programs},
 	booktitle = {Proceedings of the 28th ACM SIGPLAN Conference on Programming Language Design and Implementation},
 	series = {PLDI '07},
 	year = {2007},
	pages = {446--455},
 	numpages = {10},
} 

@inproceedings{Musuvathi:ICB2,
 	author = {Musuvathi, Madanlal and Qadeer, Shaz and Ball, Thomas and Basler, Gerard and Nainar, Piramanayagam Arumuga and Neamtiu, Iulian},
 	title = {Finding and Reproducing Heisenbugs in Concurrent Programs},
 	booktitle = {Proceedings of the 8th USENIX Conference on Operating Systems Design and Implementation},
 	series = {OSDI'08},
 	year = {2008},
	pages = {267--280},
} 

@article{Clarke1999,
	author = {Clarke, E M and Grumberg, O and Minea, M and Peled, D},
	journal = {International Journal on Software Tools for Technology Transfer},
	number = {3},
	pages = {279--287},
	title = {{State space reduction using partial order techniques}},
	volume = {2},
	year = {1999}
}

@inproceedings{Abdulla:SourceSet,
 	author = {Abdulla, Parosh and Aronis, Stavros and Jonsson, Bengt and Sagonas, Konstantinos},
 	title = {Optimal Dynamic Partial Order Reduction},
 	booktitle = {Proceedings of the 41st ACM SIGPLAN-SIGACT Symposium on Principles of Programming Languages},
 	series = {POPL '14},
 	year = {2014},
	pages = {373--384},
 	numpages = {12},
} 

@inproceedings{Shiyou,
 	author = {Huang, Shiyou and Huang, Jeff},
 	title = {Maximal Causality Reduction for TSO and PSO},
 	booktitle = {Proceedings of the 2016 ACM SIGPLAN International Conference on Object-Oriented Programming, Systems, Languages, and Applications},
 	series = {OOPSLA 2016},
 	year = {2016},
 	pages = {447--461},
} 

@inproceedings{Abdulla:TSOPSO,
 	author = {Abdulla, Parosh Aziz and Aronis, Stavros and Atig, Mohamed Faouzi and Jonsson, Bengt and Leonardsson, Carl and Sagonas, Konstantinos},
 	title = {Stateless Model Checking for TSO and PSO},
 	booktitle = {Proceedings of the 21st International Conference on Tools and Algorithms for the Construction and Analysis of Systems - Volume 9035},
 	year = {2015},
 	pages = {353--367},
 	numpages = {15},
} 

@inproceedings{Zhang:RelaxedMem,
 	author = {Zhang, Naling and Kusano, Markus and Wang, Chao},
 	title = {Dynamic Partial Order Reduction for Relaxed Memory Models},
 	booktitle = {Proceedings of the 36th ACM SIGPLAN Conference on Programming Language Design and Implementation},
 	series = {PLDI '15},
 	year = {2015},
 	pages = {250--259},
 	numpages = {10},
}

@inproceedings{Demsky:SatCheck,
	author = {Demsky, Brian and Lam, Patrick},
	booktitle = {Proceedings of the 2015 ACM SIGPLAN International Conference on Object-Oriented Programming, Systems, Languages, and Applications},
	pages = {20--36},
	series = {OOPSLA 2015},
	title = {{SATCheck: SAT-directed Stateless Model Checking for SC and TSO}},
	year = {2015},
}

@inproceedings{Cadar:KLEE,
	author = {Cadar, Cristian and Dunbar, Daniel and Engler, Dawson},
	booktitle = {Proceedings of the 8th USENIX conference on Operating systems design and implementation},
	pages = {209--224},
	series = {OSDI'08},
	title = {{KLEE: unassisted and automatic generation of high-coverage tests for complex systems programs}},
	year = {2008},
}

@inproceedings{Z3,
	author = {De Moura, Leonardo and Bj{\o}rner, Nikolaj},
 	title = {Z3: An Efficient SMT Solver},
 	booktitle = {Proceedings of the Theory and Practice of Software, 14th International Conference on Tools and Algorithms for the Construction and Analysis of Systems},
 	year = {2008},
 	location = {Budapest, Hungary},
 	pages = {337--340},
 	numpages = {4},
} 

@inproceedings{Dekker,
	author = {Anthony Williams},
 	title = {Dekkerâ€™s algorithm implementation},
 	booktitle = {https://www.justsoftwaresolutions.co.uk/threading/},
 	year = {2012},
} 

@inproceedings{Racey,
 	author = {Xu, Min and Bodik, Rastislav and Hill, Mark D.},
 	title = {A "Flight Data Recorder" for Enabling Full-system Multiprocessor Deterministic Replay},
 	booktitle = {Proceedings of the 30th Annual International Symposium on Computer Architecture},
 	series = {ISCA '03},
 	year = {2003},
	pages = {122--135},
 	numpages = {14},
} 

@inproceedings{MemSAT,
 	author = {Torlak, Emina and Vaziri, Mandana and Dolby, Julian},
 	title = {MemSAT: Checking Axiomatic Specifications of Memory Models},
 	booktitle = {Proceedings of the 31st ACM SIGPLAN Conference on Programming Language Design and Implementation},
 	series = {PLDI '10},
 	year = {2010},
 	pages = {341--350},
 	numpages = {10},
} 

@inproceedings{CheckFence,
 	author = {Burckhardt, Sebastian and Alur, Rajeev and Martin, Milo M. K.},
 	title = {CheckFence: Checking Consistency of Concurrent Data Types on Relaxed Memory Models},
 	booktitle = {Proceedings of the 28th ACM SIGPLAN Conference on Programming Language Design and Implementation},
 	series = {PLDI '07},
 	year = {2007},
 	pages = {12--21},
} 

@inproceedings{Godefroid:POR,
 	author = {Godefroid, Patrice},
 	title = {Partial-Order Methods for the Verification of Concurrent Systems: An Approach to the State-Explosion Problem},
 	year = {1996},
   booktitle = {Lecture Notes in Computer Science},
} 

@inproceedings{Godefroid:Verisoft2,
 	author = {Godefroid, Patrice},
 	title = {Model Checking for Programming Languages Using VeriSoft},
 	booktitle = {Proceedings of the 24th ACM SIGPLAN-SIGACT Symposium on Principles of Programming Languages},
 	series = {POPL '97},
 	year = {1997},
 	pages = {174--186},
} 

@inproceedings{msqueue,
 	author = {Lucia, Brandon and Ceze, Luis and Strauss, Karin and Qadeer, Shaz and Boehm, Hans-J.},
 	title = {Conflict Exceptions: Simplifying Concurrent Language Semantics with Precise Hardware Exceptions for Data-races},
 	booktitle = {Proceedings of the 37th Annual International Symposium on Computer Architecture},
 	series = {ISCA '10},
 	year = {2010},
 	pages = {210--221},
}

@inproceedings{CDSchecker,
 	author = {Norris, Brian and Demsky, Brian},
 	title = {CDSchecker: Checking Concurrent Data Structures Written with C/C++ Atomics},
 	booktitle = {Proceedings of the 2013 ACM SIGPLAN International Conference on Object Oriented Programming Systems Languages \&\#38; Applications},
 	series = {OOPSLA '13},
 	year = {2013},
 	pages = {131--150},
} 

@article{Cimatti:unsatCore,
 	author = {Cimatti, Alessandro and Griggio, Alberto and Sebastiani, Roberto},
 	title = {Computing Small Unsatisfiable Cores in Satisfiability Modulo Theories},
 	journal = {J. Artif. Int. Res.},
	volume = {40},
 	number = {1},
 	month = jan,
 	year = {2011},
 	pages = {701--728},
} 

@inproceedings{Kahlon:MPOR,
 	author = {Kahlon, Vineet and Wang, Chao and Gupta, Aarti},
 	title = {Monotonic Partial Order Reduction: An Optimal Symbolic Partial Order Reduction Technique},
 	booktitle = {Proceedings of the 21st International Conference on Computer Aided Verification},
 	series = {CAV '09},
 	year = {2009},
	pages = {398--413},
 	numpages = {16},
} 

@inproceedings{Wang:cover,
 	author = {Wang, Chao and Said, Mahmoud and Gupta, Aarti},
 	title = {Coverage Guided Systematic Concurrency Testing},
 	booktitle = {Proceedings of the 33rd International Conference on Software Engineering},
 	series = {ICSE '11},
 	year = {2011},
	pages = {221--230},
 	numpages = {10},
} 

@inproceedings{Nagarakatte:prio,
 	author = {Nagarakatte, Santosh and Burckhardt, Sebastian and Martin, Milo M.K. and Musuvathi, Madanlal},
 	title = {Multicore Acceleration of Priority-based Schedulers for Concurrency Bug Detection},
 	booktitle = {Proceedings of the 33rd ACM SIGPLAN Conference on Programming Language Design and Implementation},
 	series = {PLDI '12},
 	year = {2012},
	pages = {543--554},
 	numpages = {12},
} 

@inproceedings{Jagannath:prio,
 	author = {Jagannath, Vilas and Luo, Qingzhou and Marinov, Darko},
 	title = {Change-aware Preemption Prioritization},
 	booktitle = {Proceedings of the 2011 International Symposium on Software Testing and Analysis},
 	series = {ISSTA '11},
 	year = {2011},
	pages = {133--143},
 	numpages = {11},
}

@inproceedings{Musuvathi:fairness,
 	author = {Musuvathi, Madanlal and Qadeer, Shaz},
 	title = {Fair Stateless Model Checking},
 	booktitle = {Proceedings of the 29th ACM SIGPLAN Conference on Programming Language Design and Implementation},
 	series = {PLDI '08},
 	year = {2008},
	pages = {362--371},
 	numpages = {10},
} 

@inproceedings{Kusano:assertion,
 	author = {Kusano, Markus and Wang, Chao},
 	title = {Assertion Guided Abstraction: A Cooperative Optimization for Dynamic Partial Order Reduction},
	booktitle = {Proceedings of the 29th ACM/IEEE International Conference on Automated Software Engineering},
 	series = {ASE '14},
 	year = {2014},
	pages = {175--186},
 	numpages = {12},
} 

@inproceedings{Huang:rvpredict,
 	author = {Huang, Jeff and Meredith, Patrick O'Neil and Rosu, Grigore},
 	title = {Maximal Sound Predictive Race Detection with Control Flow Abstraction},
 	booktitle = {Proceedings of the 35th ACM SIGPLAN Conference on Programming Language Design and Implementation},
 	series = {PLDI '14},
 	year = {2014},
	pages = {337--348},
 	numpages = {12},
} 

@inproceedings{ISO1,
	title = {ISO/IEC 9899:2011},
	booktitle = {Information technology â€“ programming languages â€“ C}
}

@inproceedings{ISO2,
	title = {ISO/IEC 14882:2011},
	booktitle = {Information technology â€“ program- ming languages â€“ C++}
}

@inproceedings{Batty:2011,
 	author = {Batty, Mark and Owens, Scott and Sarkar, Susmit and Sewell, Peter and Weber, Tjark},
 	title = {Mathematizing C++ Concurrency},
 	booktitle = {Proceedings of the 38th Annual ACM SIGPLAN-SIGACT Symposium on Principles of Programming Languages},
 	year = {2011},
	pages = {55--66},
} 


@TECHREPORT{Batty10,
    author = {Mark Batty and Scott Owens and Susmit Sarkar and Peter Sewell and Tjark Weber},
    title = {Mathematizing C++ concurrency: The post-Rapperswil model},
    year = {2010}
}

@inproceedings{Huang:2015,
	author = {Huang, Jeff},
	booktitle = {Pldi},
	pages = {165--174},
	title = {{Stateless Model Checking Concurrent Programs with Maximal Causality Reduction}},
	year = {2015}
}


@article{Lamport:1978,
 	author = {Lamport, Leslie},
 	title = {Time, Clocks, and the Ordering of Events in a Distributed System},
 	journal = {Commun. ACM},
 	year = {1978},
 	pages = {558--565},
} 

@inproceedings{Lidbury:2017,
	author = {Lidbury, Christopher and Donaldson, Alastair F},
	booktitle = {Proceedings of the 44th ACM SIGPLAN Symposium on Principles of Programming Languages},
	pages = {443--457},
	title = {{Dynamic Race Detection for C++11}},
	year = {2017}
}

@inproceedings{Norris:2013,
	author = {Norris, Brian and Demsky, Brian},
	booktitle = {Proceedings of the 2013 ACM SIGPLAN International Conference on Object Oriented Programming Systems Languages {\&}{\#}38; Applications},
	pages = {131--150},
	title = {{CDSchecker: Checking Concurrent Data Structures Written with C/C++ Atomics}},
	year = {2013}
}

@inproceedings{Musuvathi:2008,
	author = {Musuvathi, Madanlal and Qadeer, Shaz},
	booktitle = {Proceedings of the 29th ACM SIGPLAN Conference on Programming Language Design and Implementation},
	pages = {362--371},
	title = {{Fair Stateless Model Checking}},
	year = {2008}
}

@inproceedings{Lattner:2004,
 	author = {Lattner, Chris and Adve, Vikram},
 	title = {LLVM: A Compilation Framework for Lifelong Program Analysis \& Transformation},
 	booktitle = {Proceedings of the International Symposium on Code Generation and Optimization: Feedback-directed and Runtime Optimization},
 	year = {2004},
 	pages = {75--},
}
